<?xml version="1.0" encoding="UTF-8"?>
<marc:record xmlns:marc="http://www.loc.gov/MARC21/slim" xmlns:xsi="http://www.w3.org/2001/XMLSchema-instance" xsi:schemaLocation="http://www.loc.gov/standards/marcxml/schema/MARC21slim.xsd">
  <marc:leader>00000ndm a2200000 u 4500</marc:leader>
  <marc:controlfield tag="001">1001136785</marc:controlfield>
  <marc:controlfield tag="003">DE-633</marc:controlfield>
  <marc:controlfield tag="005">20210923121038.0</marc:controlfield>
  <marc:controlfield tag="008">201123##################################</marc:controlfield>
  <marc:datafield tag="031" ind1=" " ind2=" ">
    <marc:subfield code="a">1</marc:subfield>
    <marc:subfield code="b">1</marc:subfield>
    <marc:subfield code="c">1</marc:subfield>
    <marc:subfield code="d">Largo dolce</marc:subfield>
    <marc:subfield code="g">C-3</marc:subfield>
    <marc:subfield code="m">Contra-A</marc:subfield>
    <marc:subfield code="o">3</marc:subfield>
    <marc:subfield code="p">'2.F/2E8{GF}/8.{F6E}2E/A8GA/4GFE/</marc:subfield>
    <marc:subfield code="r">C</marc:subfield>
    <marc:subfield code="t">O salutaris hostia</marc:subfield>
    <marc:subfield code="2">pe</marc:subfield>
  </marc:datafield>
  <marc:datafield tag="031" ind1=" " ind2=" ">
    <marc:subfield code="a">1</marc:subfield>
    <marc:subfield code="b">1</marc:subfield>
    <marc:subfield code="c">2</marc:subfield>
    <marc:subfield code="d">Largo dolce</marc:subfield>
    <marc:subfield code="g">C-4</marc:subfield>
    <marc:subfield code="m">T</marc:subfield>
    <marc:subfield code="o">3</marc:subfield>
    <marc:subfield code="p">,2.G/4'C4.,B'8D/8.{D6C}2C/F8EC/,4B'DC/</marc:subfield>
    <marc:subfield code="r">C</marc:subfield>
    <marc:subfield code="t">O salutaris hostia</marc:subfield>
    <marc:subfield code="2">pe</marc:subfield>
  </marc:datafield>
  <marc:datafield tag="031" ind1=" " ind2=" ">
    <marc:subfield code="a">1</marc:subfield>
    <marc:subfield code="b">1</marc:subfield>
    <marc:subfield code="c">3</marc:subfield>
    <marc:subfield code="d">Largo dolce</marc:subfield>
    <marc:subfield code="g">F-4</marc:subfield>
    <marc:subfield code="m">B</marc:subfield>
    <marc:subfield code="o">3</marc:subfield>
    <marc:subfield code="p">'2.C/,2G4G/2A4A/FA'C/,2G4A/</marc:subfield>
    <marc:subfield code="r">C</marc:subfield>
    <marc:subfield code="t">O salutaris hostia</marc:subfield>
    <marc:subfield code="2">pe</marc:subfield>
  </marc:datafield>
  <marc:datafield tag="040" ind1=" " ind2=" ">
    <marc:subfield code="a">DE-633</marc:subfield>
  </marc:datafield>
  <marc:datafield tag="041" ind1="0" ind2=" ">
    <marc:subfield code="a">lat</marc:subfield>
  </marc:datafield>
  <marc:datafield tag="100" ind1="1" ind2=" ">
    <marc:subfield code="a">Anonymus</marc:subfield>
    <marc:subfield code="0">pe30004985</marc:subfield>
  </marc:datafield>
  <marc:datafield tag="240" ind1="1" ind2="0">
    <marc:subfield code="a">O salutaris hostia</marc:subfield>
    <marc:subfield code="m">V (3)</marc:subfield>
    <marc:subfield code="0">3900683</marc:subfield>
  </marc:datafield>
  <marc:datafield tag="245" ind1="1" ind2="0">
    <marc:subfield code="a">[without title]</marc:subfield>
  </marc:datafield>
  <marc:datafield tag="260" ind1=" " ind2=" ">
    <marc:subfield code="c">[1700-1799]</marc:subfield>
    <marc:subfield code="8">01</marc:subfield>
  </marc:datafield>
  <marc:datafield tag="300" ind1=" " ind2=" ">
    <marc:subfield code="a">3 parts: 3 f.</marc:subfield>
    <marc:subfield code="c">21.5 x 32 cm</marc:subfield>
    <marc:subfield code="8">01</marc:subfield>
  </marc:datafield>
  <marc:datafield tag="500" ind1=" " ind2=" ">
    <marc:subfield code="a">[pl-text: Foliacja ołówkiem w prawym górnym rogu kart.]</marc:subfield>
    <marc:subfield code="8">01</marc:subfield>
  </marc:datafield>
  <marc:datafield tag="500" ind1=" " ind2=" ">
    <marc:subfield code="a">[pl-text: Na stronach recto wszystkich kart pieczęć: „ARCHIWUM I BIBLIOTEKA”, „Krakowskiej Kapituły Katedralnej” z sygnaturą.]</marc:subfield>
    <marc:subfield code="8">01</marc:subfield>
  </marc:datafield>
  <marc:datafield tag="500" ind1=" " ind2=" ">
    <marc:subfield code="a">[pl-text: Na stronach verso wszystkich kart pieczęć: "CATH. CRAC. * ARCH. CAPIT."]</marc:subfield>
    <marc:subfield code="8">01</marc:subfield>
  </marc:datafield>
  <marc:datafield tag="590" ind1=" " ind2=" ">
    <marc:subfield code="a">Contra-A, T, B</marc:subfield>
    <marc:subfield code="b">f. 1, 2, 3</marc:subfield>
    <marc:subfield code="8">01</marc:subfield>
  </marc:datafield>
  <marc:datafield tag="593" ind1=" " ind2=" ">
    <marc:subfield code="a">Manuscript copy</marc:subfield>
    <marc:subfield code="8">01</marc:subfield>
  </marc:datafield>
  <marc:datafield tag="594" ind1=" " ind2=" ">
    <marc:subfield code="b">Contra-A</marc:subfield>
    <marc:subfield code="c">1</marc:subfield>
  </marc:datafield>
  <marc:datafield tag="594" ind1=" " ind2=" ">
    <marc:subfield code="b">T</marc:subfield>
    <marc:subfield code="c">1</marc:subfield>
  </marc:datafield>
  <marc:datafield tag="594" ind1=" " ind2=" ">
    <marc:subfield code="b">B</marc:subfield>
    <marc:subfield code="c">1</marc:subfield>
  </marc:datafield>
  <marc:datafield tag="594" ind1=" " ind2=" ">
    <marc:subfield code="a">Contra-A, T, B</marc:subfield>
  </marc:datafield>
  <marc:datafield tag="599" ind1=" " ind2=" ">
    <marc:subfield code="b">full</marc:subfield>
  </marc:datafield>
  <marc:datafield tag="650" ind1="0" ind2="7">
    <marc:subfield code="a">Sacred songs</marc:subfield>
    <marc:subfield code="0">25250</marc:subfield>
  </marc:datafield>
  <marc:datafield tag="852" ind1=" " ind2=" ">
    <marc:subfield code="a">PL-Kk</marc:subfield>
    <marc:subfield code="e">Archiwum i Biblioteka Krakowskiej Kapituły Katedralnej</marc:subfield>
    <marc:subfield code="x">ks30002080</marc:subfield>
    <marc:subfield code="c">Kk.I.496</marc:subfield>
    <marc:subfield code="p"/>
    <marc:subfield code="q"/>
    <marc:subfield code="u"/>
    <marc:subfield code="z"/>
  </marc:datafield>
  <marc:datafield tag="980" ind1=" " ind2=" ">
    <marc:subfield code="a">RISM</marc:subfield>
    <marc:subfield code="c">examined</marc:subfield>
  </marc:datafield>
</marc:record>
